@misc{argon2spec,
	series =	{},
	url =		{https://github.com/P-H-C/phc-winner-argon2/blob/master/argon2-specs.pdf},
    author =	{Alex Biryukov and Daniel Dinu and Dmitry Khovratovich},
	title =		{{Argon2: the memory-hard function for password hashing and other applications}},
	year =		2017,
	month =		mar,
}

@online{phc,
    author = {},
    title = {Password Hashing Competition},
    year = 2019,
    url = {https://www.password-hashing.net/},
	note = {Accessed on 2022-04-21}
}

@misc{rfc9106,
	series =	{Request for Comments},
	number =	9106,
	howpublished =	{RFC 9106},
	publisher =	{RFC Editor},
	doi =		{10.17487/RFC9106},
	url =		{https://www.rfc-editor.org/info/rfc9106},
	author =	{Alex Biryukov and Daniel Dinu and Dmitry Khovratovich and Simon Josefsson},
	title =		{{Argon2 Memory-Hard Function for Password Hashing and Proof-of-Work Applications}},
	pagetotal =	21,
	year =		2021,
	month =		sep,
	abstract =	{This document describes the Argon2 memory-hard function for password hashing and proof-of-work applications. We provide an implementer-oriented description with test vectors. The purpose is to simplify adoption of Argon2 for Internet protocols. This document is a product of the Crypto Forum Research Group (CFRG) in the IRTF.},
}

@inproceedings {biryukov2016egalitarian,
	author = {Alex Biryukov and Dmitry Khovratovich},
	title = {Egalitarian Computing},
	booktitle = {25th USENIX Security Symposium (USENIX Security 16)},
	year = {2016},
	isbn = {978-1-931971-32-4},
	address = {Austin, TX},
	pages = {315--326},
	url = {https://www.usenix.org/conference/usenixsecurity16/technical-sessions/presentation/biryukov},
	publisher = {USENIX Association},
	month = aug,
}

@article{duka2020elliptic,
	author = {Duka, Mariusz},
	year = {2020},
	month = {09},
	pages = {91-94},
	title = {Elliptic-curve cryptography (ECC) and Argon2 algorithm in PHP using OpenSSL and Sodium libraries},
	volume = {10},
	journal = {Informatyka Automatyka Pomiary w Gospodarce i Ochronie Środowiska},
	doi = {10.35784/iapgos.897}
}

@inproceedings{boneh2016balloon,
	title={Balloon hashing: A memory-hard function providing provable protection against sequential attacks},
	howpublished = {Cryptology ePrint Archive, Report 2016/027},
	author={Boneh, Dan and Corrigan-Gibbs, Henry and Schechter, Stuart},
	booktitle={International Conference on the Theory and Application of Cryptology and Information Security},
	pages={220--248},
	year={2016},
	organization={Springer},
	note= {\url{https://ia.cr/2016/027}}
}

@inproceedings{alwen2017towards,
	author={Alwen, Joël and Blocki, Jeremiah},
	booktitle={2017 IEEE European Symposium on Security and Privacy (EuroS P)},
	title={Towards Practical Attacks on Argon2i and Balloon Hashing},
	year={2017},
	volume={},
	number={},
	organization={IEEE},
	pages={142-157},
	doi={10.1109/EuroSP.2017.47}
}

@article{chen2017investigation,
	author = {Mitchell Gu and Ryan Berg and Casie Chen},
	title = {Investigation of Practical Attacks on the Argon2i Memory-hard Hash Function},
	year = {2017},
	journal = {},
	organization={MIT},
}

@misc{website,
	title        = {Argon2},
	author       = {NASA},
	howpublished = {\url{https://www.nasa.gov/nh/pluto-the-other-red-planet}},
	year         = 2015,
	note         = {Accessed: 2018-12-06}
}
